@misc{intro,
    author={Jason Warner},
    title={{Thank you for 100 million repositories}},
    note={https://github.blog/2018-11-08-100m-repos, accessed 2021-12-08},
}

@misc{moment,
    author={Moment.js},
    title={{Parse, validate, manipulate,
    and display dates and times in JavaScript.}},
    note={https://momentjs.com, accessed 2021-12-08},
}



