    @article{paper,
  author={name},
  title="{title}",
  journal={J. Phys. Conf. Ser.},
  volume={67},
  number={},
   pages={23},
   year={2007}
   }
  
